<?xml version="1.0" encoding="UTF-8"?><collection xmlns="http://www.loc.gov/MARC21/slim"><record><leader>00404nam--2200133-i-4500</leader><controlfield tag="001">000044505</controlfield><controlfield tag="002">20161230</controlfield><controlfield tag="005">20161230201044</controlfield><controlfield tag="008">060222s1000------------r-----000-0-eng-d</controlfield><datafield ind1=" " ind2=" " tag="080"><subfield code="a">538.91(043)</subfield></datafield><datafield ind1=" " ind2=" " tag="100"><subfield code="a">Pyka, Niels Michale</subfield></datafield><datafield ind1=" " ind2=" " tag="245"><subfield code="a">Untersuchungen zur statik und dynamik des jahn-teller systems rbcrcl3 mittels neutronenenstreuung. dissert</subfield></datafield><datafield ind1=" " ind2=" " tag="260"><subfield code="a">Berlin, Univ., 1988, 89p.+fig</subfield></datafield><datafield ind1=" " ind2=" " tag="852"><subfield code="a">74808</subfield></datafield></record></collection>